@misc{ghcsse,
    title        = {{GitHub Repository \texttt{CSSEGISandData/COVID-19}}},
    howpublished = {\url{https://github.com/CSSEGISandData/COVID-19}},
    url          = {https://github.com/CSSEGISandData/COVID-19},
    note         = {last accessed on \today},
}
@misc{dhrbase,
    title        = {{Official Docker images for the R language}},
    howpublished = {\url{https://hub.docker.com/_/r-base}},
    url          = {https://hub.docker.com/_/r-base},
    note         = {last accessed on \today},
}
@misc{vim,
    title        = {{Vim -- the ubiquitous text editor}},
    howpublished = {\url{https://www.vim.org/}},
    url          = {https://www.vim.org/},
    note         = {last accessed on \today},
}
@misc{ghcsse3484,
    title        = {{GitHub Repository \texttt{CSSEGISandData/COVID-19}, Issue 3484}},
    howpublished = {\url{https://github.com/CSSEGISandData/COVID-19/issues/3484}},
    url          = {https://github.com/CSSEGISandData/COVID-19/issues/3484},
    year         = {2020},
    note         = {last accessed on \today},
}
@misc{wikibalkans,
    title        = {{Balkans, Wikipedia}},
    howpublished = {\url{https://en.wikipedia.org/wiki/Balkans#Balkan_Peninsula}},
    url          = {https://en.wikipedia.org/wiki/Balkans#Balkan_Peninsula},
    note         = {last accessed on \today},
}
@misc{wikigulf,
    title        = {{Arab states of the Persian Gulf, Wikipedia}},
    howpublished = {\url{https://en.wikipedia.org/wiki/Arab_states_of_the_Persian_Gulf}},
    url          = {https://en.wikipedia.org/wiki/Arab_states_of_the_Persian_Gulf},
    note         = {last accessed on \today},
}
